@misc{tdr_green,
  title="ATLAS Liquid Argon Calorimeter Phase-II Upgrade Technical Design Report",
  howpublished="\url{https://cds.cern.ch/record/2285582/files/ATLAS-TDR-027.pdf}"
}

@misc{em_shower_wiki,
  title="Particle shower, Wikipedia",
  howpublished="\url{https://en.wikipedia.org/wiki/Particle_shower}"
}

@misc{tdr_old,
  title="Liquid Argon Calorimeter Technical Design Report",
  howpublished="\url{https://cds.cern.ch/record/331061/files/CERN-LHCC-96-41.pdf}"
}

@misc{AD9253,
  title="Data Sheet AD9253",
  howpublished="\url{https://www.analog.com/media/en/technical-documentation/data-sheets/ad9253.pdf}"
}

@misc{Blockmemgen,
  title="Block Memory Generator v8.4",
  howpublished="\url{https://www.xilinx.com/support/documentation/ip_documentation/blk_mem_gen/v8_4/pg058-blk-mem-gen.pdf}"
}

@misc{AXIBRAMctrl,
  title="AXI Block RAM (BRAM) Controller v4.0",
  howpublished="\url{https://www.xilinx.com/support/documentation/ip_documentation/axi_bram_ctrl/v4_0/pg078-axi-bram-ctrl.pdf}"
}

@misc{AXIInterconnect,
  title="AXI Interconnect v2.1",
  howpublished="\url{ https://www.xilinx.com/support/documentation/ip_documentation/axi_interconnect/v2_1/pg059-axi-interconnect.pdf}"
}

@misc{PetaLinuxRG,
  title="PetaLinux Tools Documentation Reference Guide",
  howpublished="\url{https://www.xilinx.com/support/documentation/sw_manuals/xilinx2018_3/ug1144-petalinux-tools-reference-guide.pdf}"
}

@misc{PetaLinuxWT,
  title="PetaLinux Tools Documentation Workflow Tutorial",
  howpublished="\url{https://www.xilinx.com/support/documentation/sw_manuals/xilinx2017_2/ug1156-petalinux-tools-workflow-tutorial.pdf}"
}

@misc{PetaLinuxCLRG,
  title="PetaLinux Tools Documentation Command Line Reference Guide",
  howpublished="\url{https://www.xilinx.com/support/documentation/sw_manuals/xilinx2019_2/ug1157-petalinux-tools-command-line-guide.pdf}"
}

@misc{ZYNQPS,
  title="Processing System 7 v5.5",
  howpublished="\url{https://www.xilinx.com/support/documentation/ip_documentation/processing_system7/v5_5/pg082-processing-system7.pdf}"
}

@misc{PSReset,
  title="Processor System Reset Module v5.0",
  howpublished="\url{https://www.xilinx.com/support/documentation/ip_documentation/proc_sys_reset/v5_0/pg164-proc-sys-reset.pdf}"
}

