@misc{tdr_green,
  title="ATLAS Liquid Argon Calorimeter Phase-II Upgrade Technical Design Report",
  howpublished="\url{https://cds.cern.ch/record/2285582/files/ATLAS-TDR-027.pdf}"
}

@misc{em_shower_wiki,
  title="Particle shower, Wikipedia",
  howpublished="\url{https://en.wikipedia.org/wiki/Particle_shower}"
}

@misc{tdr_old,
  title="Liquid Argon Calorimeter Technical Design Report",
  howpublished="\url{https://cds.cern.ch/record/331061/files/CERN-LHCC-96-41.pdf}"
}

@misc{ltdb,
  title="Design and Evaluation of LAr Trigger Digitizer Board in ATLAS Phase-I Upgrade",
  howpublished="\url{https://arxiv.org/pdf/1806.08046.pdf}"
}
